@electronic{IEEEexample:biblatex,
  author        = "Philipp Lehman",
  title         = "The biblatex package",
  url           = "http://www.ctan.org/tex-archive/macros/latex/exptl/biblatex/",
  month         = jan,
  year          = "2007"
}

@article{IEEEexample:article_typical,
	author        = "S. Zhang and C. Zhu and J. K. O. Sin and P. K. T. Mok",
	title         = "A Novel Ultrathin Elevated Channel Low-temperature 
	Poly-{Si} {TFT}",
	journal       = IEEE_J_EDL,
	volume        = "20",
	month         = nov,
	year          = "1999",
	pages         = "569-571"
}

@inproceedings{IEEEexample:conf_typical,
	author        = "R. K. Gupta and S. D. Senturia",
	title         = "Pull-in Time Dynamics as a Measure of Absolute Pressure",
	booktitle     = "Proc. {IEEE} International Workshop on
	Microelectromechanical Systems ({MEMS}'97)",
	address       = "Nagoya, Japan",
	month         = jan,
	year          = "1997",
	pages         = "290-294"
}